@inproceedings{BeygelzimerPSTWZ2019-separable,
  title     = {Bandit Multiclass Linear Classification: Efficient Algorithms for the Separable Case},
  author    = {Beygelzimer, Alina and Pal, David and Szorenyi, Balazs and Thiruvenkatachari, Devanathan and Wei, Chen-Yu and Zhang, Chicheng},
  booktitle = {Proceedings of the 36th International Conference on Machine Learning},
  pages     = {624--633},
  year      = {2019},
  editor    = {Chaudhuri, Kamalika and Salakhutdinov, Ruslan},
  volume    = {97},
  series    = {Proceedings of Machine Learning Research},
  address   = {Long Beach, California, USA},
  month     = {09--15 Jun},
  publisher = {PMLR},
  pdf       = {http://proceedings.mlr.press/v97/beygelzimer19a/beygelzimer19a.pdf},
  url       = {http://proceedings.mlr.press/v97/beygelzimer19a.html}
}

@article{CrammerS2003-ultraconservative,
  author     = {Crammer, Koby and Singer, Yoram},
  title      = {Ultraconservative Online Algorithms for Multiclass Problems},
  journal    = {J. Mach. Learn. Res.},
  issue_date = {3/1/2003},
  volume     = {3},
  month      = mar,
  year       = {2003},
  issn       = {1532-4435},
  pages      = {951--991},
  numpages   = {41},
  doi        = {10.1162/jmlr.2003.3.4-5.951},
  acmid      = {944936},
  publisher  = {JMLR.org}
} 

@book{ShaweTaylorC2004-kernel-methods,
  author    = {Shawe-Taylor, John and Cristianini, Nello},
  title     = {Kernel Methods for Pattern Analysis},
  year      = {2004},
  isbn      = {0521813972},
  publisher = {Cambridge University Press},
  address   = {New York, NY, USA}
} 

@article{ShalevShwartzSS2011-kernel-based,
  author    = {Shai Shalev{-}Shwartz and
               Ohad Shamir and
               Karthik Sridharan},
  title     = {Learning Kernel-Based Halfspaces with the 0-1 Loss},
  journal   = {{SIAM} J. Comput.},
  volume    = {40},
  number    = {6},
  pages     = {1623--1646},
  year      = {2011},
  url       = {https://doi.org/10.1137/100806126},
  doi       = {10.1137/100806126},
  timestamp = {Sat, 27 May 2017 14:22:59 +0200},
  biburl    = {https://dblp.org/rec/bib/journals/siamcomp/Shalev-ShwartzSS11},
  bibsource = {dblp computer science bibliography, https://dblp.org}
}

@article{KlivansS2004-halfspaces-margin,
  title   = {Learning intersections of halfspaces with a margin},
  journal = {Journal of Computer and System Sciences},
  volume  = {74},
  number  = {1},
  pages   = {35 - 48},
  year    = {2008},
  note    = {Learning Theory 2004},
  issn    = {0022-0000},
  doi     = {https://doi.org/10.1016/j.jcss.2007.04.012},
  author  = {Adam R. Klivans and Rocco A. Servedio}
}

@book{MasonH2002-chebyshev,
  title     = {Chebyshev Polynomials},
  author    = {Mason, J.C. and Handscomb, D.C.},
  isbn      = {9781420036114},
  url       = {https://books.google.co.th/books?id=8FHf0P3to0UC},
  year      = {2002},
  publisher = {CRC Press}
}

@inproceedings{ChenCZCZ2009-beyond-banditron,
  author    = {Guangyun Chen and
               Gang Chen and
               Jianwen Zhang and
               Shuo Chen and
               Changshui Zhang},
  title     = {Beyond Banditron: {A} Conservative and Efficient Reduction for Online
               Multiclass Prediction with Bandit Setting Model},
  booktitle = {{ICDM} 2009, The Ninth {IEEE} International Conference on Data Mining,
               Miami, Florida, USA, 6-9 December 2009},
  pages     = {71--80},
  year      = {2009},
  doi       = {10.1109/ICDM.2009.36},
  timestamp = {Tue, 18 Jun 2019 08:45:05 +0200},
  biburl    = {https://dblp.org/rec/bib/conf/icdm/ChenCZCZ09},
  bibsource = {dblp computer science bibliography, https://dblp.org}
}

@inproceedings{KakadeST2008-bandit-online-multiclass,
  author    = {Kakade, Sham M. and Shalev-Shwartz, Shai and Tewari, Ambuj},
  title     = {Efficient Bandit Algorithms for Online Multiclass Prediction},
  booktitle = {Proceedings of the 25th International Conference on Machine Learning},
  series    = {ICML '08},
  year      = {2008},
  isbn      = {978-1-60558-205-4},
  location  = {Helsinki, Finland},
  pages     = {440--447},
  numpages  = {8},
  doi       = {10.1145/1390156.1390212},
  acmid     = {1390212},
  publisher = {ACM},
  address   = {New York, NY, USA}
}

@article{BeigelRS1995,
  title   = {PP Is Closed under Intersection},
  journal = {Journal of Computer and System Sciences},
  volume  = {50},
  number  = {2},
  pages   = {191 - 202},
  year    = {1995},
  issn    = {0022-0000},
  doi     = {https://doi.org/10.1006/jcss.1995.1017},
  author  = {R. Beigel and N. Reingold and D. Spielman}
}

@article{rosenblatt58a,
  added-at = {2009-10-27T06:49:28.000+0100},
  author = {Rosenblatt, Frank},
  biburl = {https://www.bibsonomy.org/bibtex/2afcce29c2471aaa8480d2c2159361e88/chrmina},
  description = {Thesis BIB},
  interhash = {dc0cef9dc06033a04f525efdcde7a660},
  intrahash = {afcce29c2471aaa8480d2c2159361e88},
  journal = {Psychological Review},
  keywords = {imported},
  number = 6,
  pages = {386-408},
  timestamp = {2009-10-27T06:49:30.000+0100},
  title = {The Perceptron: A Probabilistic Model for Information Storage and Organization in the Brain},
  volume = 65,
  year = 1958
}